<record><leader>00000cas a22000007a 4500</leader><controlfield tag="001">21218028</controlfield><controlfield tag="008">900315d18851uuucouwr ne      0    0eng d</controlfield><datafield ind1=" " ind2=" " tag="010"><subfield code="a">sn 90051123 </subfield></datafield><datafield ind1=" " ind2=" " tag="040"><subfield code="a">CNQ</subfield><subfield code="b">eng</subfield><subfield code="c">CNQ</subfield><subfield code="d">OCLCQ</subfield></datafield><datafield ind1=" " ind2=" " tag="042"><subfield code="a">msc</subfield></datafield><datafield ind1="0" ind2="4" tag="245"><subfield code="a">The Aspen weekly times.</subfield></datafield><datafield ind1=" " ind2=" " tag="260"><subfield code="a">Aspen, Colo. :</subfield><subfield code="b">[s.n.]</subfield></datafield><datafield ind1=" " ind2=" " tag="300"><subfield code="a">v.</subfield></datafield><datafield ind1=" " ind2=" " tag="310"><subfield code="a">Weekly</subfield></datafield><datafield ind1="0" ind2=" " tag="362"><subfield code="a">Vol. 5, no. 21 (May 30, 1885)-</subfield></datafield><datafield ind1=" " ind2=" " tag="530"><subfield code="a">Available on microfilm from the Colorado Historical Society.</subfield></datafield><datafield ind1=" " ind2=" " tag="752"><subfield code="a">United States</subfield><subfield code="b">Colorado</subfield><subfield code="c">Pitkin</subfield><subfield code="d">Aspen.</subfield></datafield><datafield ind1="0" ind2=" " tag="775"><subfield code="t">Aspen daily times (Aspen, Colo. : 1885)</subfield><subfield code="w">(DLC)sn 85067440</subfield></datafield><datafield ind1="0" ind2="0" tag="780"><subfield code="t">Aspen times (Aspen, Colo. : 1881)</subfield><subfield code="w">(DLC)sn 85067293</subfield></datafield></record>